<?xml version="1.0" encoding="UTF-8"?>
<collection xmlns:xsi="http://www.w3.org/2001/XMLSchema-instance" xsi:schemaLocation="http://www.loc.gov/MARC21/slim http://www.loc.gov/standards/marcxml/schema/MARC21slim.xsd" xmlns="http://www.loc.gov/MARC21/slim">
<record>
  <leader>01653nam a2200289   4500</leader>
  <controlfield tag="001">3059193</controlfield>
  <controlfield tag="003">NNC</controlfield>
  <controlfield tag="005">20030429142358.0</controlfield>
  <controlfield tag="008">890516m19569999ir       b    000 0 ara  </controlfield>
  <datafield tag="010" ind1=" " ind2=" ">
    <subfield code="a">   71232322 </subfield>
  </datafield>
  <datafield tag="035" ind1=" " ind2=" ">
    <subfield code="a">(OCoLC)ocm19716360</subfield>
  </datafield>
  <datafield tag="035" ind1=" " ind2=" ">
    <subfield code="9">ATM7800CU</subfield>
  </datafield>
  <datafield tag="040" ind1=" " ind2=" ">
    <subfield code="a">DLC</subfield>
    <subfield code="c">WAU</subfield>
    <subfield code="d">WAU</subfield>
    <subfield code="d">ZCU</subfield>
  </datafield>
  <datafield tag="050" ind1="0" ind2=" ">
    <subfield code="a">BP193.25</subfield>
    <subfield code="b">.H87</subfield>
  </datafield>
  <datafield tag="099" ind1=" " ind2=" ">
    <subfield code="a">893.799</subfield>
    <subfield code="a">H94</subfield>
  </datafield>
  <datafield tag="100" ind1="1" ind2=" ">
    <subfield code="a">Ḥurr al-ʻĀmilī, Muḥammad ibn al-Ḥasan,</subfield>
    <subfield code="d">1624-1693.</subfield>
  </datafield>
  <datafield tag="245" ind1="1" ind2="0">
    <subfield code="a">Wasāʾil al-Shīʻah ilá taḥṣīl masāʾil al-sharīʻah,</subfield>
    <subfield code="c">taʾlīf Muḥammad ibn al-Ḥasan al-Ḥurr al-ʻĀmilī.</subfield>
  </datafield>
  <datafield tag="260" ind1=" " ind2=" ">
    <subfield code="a">Ṭihrān,</subfield>
    <subfield code="b">Maktabat al-Islāmīyah,</subfield>
    <subfield code="c">1376- [1956-]</subfield>
  </datafield>
  <datafield tag="300" ind1=" " ind2=" ">
    <subfield code="a">v. in</subfield>
    <subfield code="c">25 cm.</subfield>
  </datafield>
  <datafield tag="500" ind1=" " ind2=" ">
    <subfield code="a">Vols. 1-  edited by A. al-Rabbānī ; v.  by M. Rāzī and A. H. Shaʻrānī.</subfield>
  </datafield>
  <datafield tag="504" ind1=" " ind2=" ">
    <subfield code="a">Bibliographical footnotes.</subfield>
  </datafield>
  <datafield tag="505" ind1="1" ind2=" ">
    <subfield code="a">Mujallad 1. al-Ṭahārah 2 v. -- mujallad 2-3. al-Ṣalāh 3 v. --mujallad 4, juzʾ 1. al-Zakāh. al-Khums. juzʾ 2. al-Ṣawm. al-Iʻtikāf 2 v. --mujallad 5. al-Ḥajj 3 v. -- mujallad 6. [juzʾ 1.] al-Jihād. al-Amr bi-al-maʻrūf wa-al-nahī ʻan al-munkar. juzʾ 2. al-Tijārah. juzʾ 3. al-Tijārah. al-Rahn. al-Ḥajr. al-Ḍammān. al-Ṣulh. al-Shirkah. al-Muḍāribah. al-Muzārʻah. wa-al-musāqāh. al-Wadīʻah. al-ʻĀrīyah. al-Ijārah. al-Wikālah. al-Wuqūf wa-al-ṣadiqāt. al-Sukná wa-al-ḥabīs. al-Hibbāt. al-Subq wa-al-rimāyah. al-Waṣāyā. 3 v. mujallad 7. al-Nikāḥ --</subfield>
  </datafield>
  <datafield tag="650" ind1=" " ind2="0">
    <subfield code="a">Hadith (Shiites)</subfield>
  </datafield>
  <datafield tag="700" ind1="1" ind2=" ">
    <subfield code="a">Rabbānī, ʻAbd al-Raḥīm.</subfield>
  </datafield>
  <datafield tag="700" ind1="1" ind2=" ">
    <subfield code="a">Rāzī, Muḥammad,</subfield>
    <subfield code="d">1922-</subfield>
  </datafield>
  <datafield tag="700" ind1="1" ind2=" ">
    <subfield code="a">Shaʻrānī, Abū al-Ḥasan.</subfield>
  </datafield>
  <datafield tag="955" ind1=" " ind2=" ">
    <subfield code="b">0039174158</subfield>
    <subfield code="d">glx</subfield>
    <subfield code="e">893.799 H94</subfield>
    <subfield code="v">v.11</subfield>
  </datafield>
</record>
</collection>